@book{sakarovitch,
    title={Elements de th√©orie des automates},
    author={Jacques Sakarovitch},
    year={2003}
}

@article{indecEqu,
    title={The Unsolvability of the Equivalence Problem for A-Free Nondeterminisdc Generalized Machines},
    author={T. V. Griffiths},
    year={1968},
    journal={Journal of the Association for Computing Machinery},
    pages={409-413},
    volume={15}
}